@INPROCEEDINGS{10145369,
  author={Abodayeh, Ayat and Hejazi, Reem and Najjar, Ward and Shihadeh, Leena and Latif, Rabia},
  booktitle={2023 Sixth International Conference of Women in Data Science at Prince Sultan University (WiDS PSU)}, 
  title={Web Scraping for Data Analytics: A BeautifulSoup Implementation}, 
  year={2023},
  volume={},
  number={},
  pages={65-69},
  doi={10.1109/WiDS-PSU57071.2023.00025}}

@INPROCEEDINGS{8822022,
  author={Thomas, David Mathew and Mathur, Sandeep},
  booktitle={2019 3rd International conference on Electronics, Communication and Aerospace Technology (ICECA)}, 
  title={Data Analysis by Web Scraping using Python}, 
  year={2019},
  volume={},
  number={},
  pages={450-454},
  doi={10.1109/ICECA.2019.8822022}}
  
@INPROCEEDINGS{10250745,
  author={Chauhan, Rahul and Negi, Ayush and Manchanda, Mahesh},
  booktitle={2023 Second International Conference on Augmented Intelligence and Sustainable Systems (ICAISS)}, 
  title={An Extensive Review on Web Scraping Technique using Python}, 
  year={2023},
  volume={},
  number={},
  pages={1134-1138},
  doi={10.1109/ICAISS58487.2023.10250745}}

@INPROCEEDINGS{9215357,
  author={Thivaharan., S and Srivatsun., G and Sarathambekai., S},
  booktitle={2020 International Conference on Smart Electronics and Communication (ICOSEC)}, 
  title={A Survey on Python Libraries Used for Social Media Content Scraping}, 
  year={2020},
  volume={},
  number={},
  pages={361-366},
  doi={10.1109/ICOSEC49089.2020.9215357}}
  